@article{trower2017experimental,
  title={Experimental evidence that ooid size reflects a dynamic equilibrium between rapid precipitation and abrasion rates},
  author={Trower, Elizabeth J and Lamb, Michael P and Fischer, Woodward W},
  journal={Earth and Planetary Science Letters},
  volume={468},
  pages={112--118},
  year={2017},
  publisher={Elsevier}
}

@article{jahn1995carbonate,
  title={Carbonate {PbPb} ages of the {Wittenoom Formation and Carawine Dolomite, Hamersley Basin, Western Australia} (with implications for their correlation with the {Transvaal Dolomite of South Africa})},
  author={Jahn, Bor-ming and Simonson, Bruce M},
  journal={Precambrian Research},
  volume={72},
  number={3-4},
  pages={247--261},
  year={1995},
  publisher={Elsevier}
}

@article{siahi2017carbonate,
  title={Carbonate ooids of the {Mesoarchaean} {Pongola} {Supergroup}, {South} {Africa}},
  author={Siahi, M and Hofmann, A and Master, S and Mueller, CW and Gerdes, A},
  journal={Geobiology},
  volume={15},
  number={6},
  pages={750--766},
  year={2017},
  publisher={Wiley Online Library}
}


@article{heller1980transport,
  title={Transport processes in ooid genesis},
  author={Heller, Paul L and Komar, Paul D and Pevear, David R},
  journal={Journal of Sedimentary Research},
  volume={50},
  number={3},
  year={1980},
  publisher={Society for Sedimentary Geology}
}

@article{davies1976radial,
  title={Radial aragonite ooids, {Lizard Island, Great Barrier Reef, Queensland, Australia}},
  author={Davies, Peter J and Martin, K},
  journal={Geology},
  volume={4},
  number={2},
  pages={120--122},
  year={1976},
  publisher={Geological Society of America}
}

@article{deelman1978experimental,
  title={Experimental ooids and grapestones: carbonate aggregates and their origin},
  author={Deelman, John C},
  journal={Journal of Sedimentary Research},
  volume={48},
  number={2},
  year={1978},
  publisher={Society for Sedimentary Geology}
}

@article{li2013paleoceanographic,
  title={Paleoceanographic conditions following the {end-Permian} mass extinction recorded by giant ooids (Moyang, South China)},
  author={Li, Fei and Yan, Jiaxin and Algeo, Thomas and Wu, Xia},
  journal={Global and Planetary Change},
  volume={105},
  pages={102--120},
  year={2013},
  publisher={Elsevier}
}

@article{sumner1993numerical,
  title={Numerical modeling of ooid size and the problem of {Neoproterozoic} giant ooids},
  author={Sumner, Dawn Y and Grotzinger, John P},
  journal={Journal of Sedimentary Research},
  volume={63},
  number={5},
  year={1993},
  publisher={Society for Sedimentary Geology}
}

@article{peters2017rise,
  title={The rise and fall of stromatolites in shallow marine environments},
  author={Peters, Shanan E and Husson, Jon M and Wilcots, Julia},
  journal={Geology},
  volume={45},
  number={6},
  pages={487--490},
  year={2017},
  publisher={Geological Society of America}
}

@article{mehra2018multiscale,
  title={Multiscale approach reveals that {Cloudina} aggregates are detritus and not in situ reef constructions},
  author={Mehra, Akshay and Maloof, Adam},
  journal={Proceedings of the National Academy of Sciences},
  pages={201719911},
  year={2018},
  publisher={National Acad Sciences}
}

@article{sipos2018shape,
  title={Shape evolution of ooids: a geometric model},
  author={Sipos, Andr{\'a}s A and Domokos, G{\'a}bor and Jerolmack, Douglas J},
  journal={Scientific Reports},
  volume={8},
  number={1},
  pages={1758},
  year={2018},
  publisher={Nature Publishing Group}
}

@article{batchelor2018biofilm,
  title={A biofilm and organomineralisation model for the growth and limiting size of ooids},
  author={Batchelor, Murray T and Burne, Robert V and Henry, Bruce I and Li, Fei and Paul, Josef},
  journal={Scientific reports},
  volume={8},
  number={1},
  pages={559},
  year={2018},
  publisher={Nature Publishing Group}
}

@book{bathurst1972carbonate,
  title={Carbonate {S}ediments and their {D}iagenesis.},
  author={Bathurst, Robin GC},
  volume={12},
  year={1972},
  publisher={Elsevier}
}

@article{domokos2012evolution,
  title={The evolution of pebble size and shape in space and time},
  author={Domokos, G and Gibbons, GW},
  journal={Proc. R. Soc. A},
  pages={rspa20110562},
  year={2012},
  publisher={The Royal Society}
}

@article{wadell1933sphericity,
  title={Sphericity and roundness of rock particles},
  author={Wadell, Hakon},
  journal={The Journal of Geology},
  volume={41},
  number={3},
  pages={310--331},
  year={1933},
  publisher={University of Chicago Press}
}

@article{trower2018active,
  title={Active Ooid Growth Driven By Sediment Transport in a High-Energy Shoal, {Little} {Ambergris} {Cay}, {Turks} and {Caicos} {Islands}},
  author={Trower, Elizabeth J and Cantine, Marjorie D and Gomes, Maya L and Grotzinger, John P and Knoll, Andrew H and Lamb, Michael P and Lingappa, Usha and O'Reilly, Shane S and Present, Theodore M and Stein, Nathan and others},
  journal={Journal of Sedimentary Research},
  volume={88},
  number={9},
  pages={1132--1151},
  year={2018},
  publisher={Society for Sedimentary Geology}
}

@article{mariotti2018contribution,
  title={Contribution of benthic processes to the growth of ooids on a low-energy shore in {Cat} {Island}, {The} {Bahamas}},
  author={Mariotti, Giulio and Pruss, Sara and Summons, Roger and Newman, Sharon and Bosak, Tanja},
  journal={Minerals},
  volume={8},
  number={6},
  pages={252},
  year={2018},
  publisher={Multidisciplinary Digital Publishing Institute}
}

@article{dehoff1983quantitative,
  title={Quantitative serial sectioning analysis: Preview},
  author={DeHoff, RT},
  journal={Journal of Microscopy},
  volume={131},
  number={3},
  pages={259--263},
  year={1983},
  publisher={Wiley Online Library}
}

@article{rankey2011holocene,
  title={Holocene oolitic marine sand complexes of {The Bahamas}},
  author={Rankey, Eugene C and Reeder, Stacy Lynn},
  journal={Journal of Sedimentary Research},
  volume={81},
  number={2},
  pages={97--117},
  year={2011},
  publisher={SEPM Society for Sedimentary Geology}
}

@article{harris2019formation,
  title={The Formation and Distribution of Modern Ooids on {Great} {Bahama} {Bank}},
  author={Harris, Paul and Diaz, Mara R and Eberli, Gregor P},
  journal={Annual review of marine science},
  volume={11},
  pages={491--516},
  year={2019},
  publisher={Annual Reviews}
}

@article{dyer2018quantifying,
  title={Quantifying the relationship between water depth and carbonate facies},
  author={Dyer, Blake and Maloof, Adam C and Purkis, Sam J and Harris, Paul M Mitch},
  journal={Sedimentary Geology},
  volume={373},
  pages={1--10},
  year={2018},
  publisher={Elsevier}
}

@article{higgins2000measurement,
  title={Measurement of crystal size distributions},
  author={Higgins, Michael D},
  journal={American Mineralogist},
  volume={85},
  number={9},
  pages={1105--1116},
  year={2000},
  publisher={Mineralogical Society of America}
}

@article{peterson1996refined,
  title={A refined technique for measuring crystal size distributions in thin section},
  author={Peterson, Tony D},
  journal={Contributions to Mineralogy and Petrology},
  volume={124},
  number={3-4},
  pages={395--405},
  year={1996},
  publisher={Springer}
}

@article{sahagian19983d,
  title={{3D} particle size distributions from {2D} observations: stereology for natural applications},
  author={Sahagian, Dork L and Proussevitch, Alexander A},
  journal={Journal of Volcanology and Geothermal Research},
  volume={84},
  number={3-4},
  pages={173--196},
  year={1998},
  publisher={Elsevier}
}

@inproceedings{jaquet2013estimation,
  title={Estimation of separating planes between touching {3D} objects using power watershed},
  author={Jaquet, Clara and And{\'o}, Edward and Viggiani, Gioacchino and Talbot, Hugues},
  booktitle={International Symposium on Mathematical Morphology and Its Applications to Signal and Image Processing},
  pages={452--463},
  year={2013},
  organization={Springer}
}

@article{purkis2019controls,
  title={Controls of depositional facies patterns on a modern carbonate platform: Insight from hydrodynamic modeling},
  author={Purkis, Sam J and Harris, Paul and Cavalcante, Georgenes},
  journal={The Depositional Record},
  year={2019},
  publisher={Wiley Online Library}
}

@article{Geyman2018,
  title={How do carbonates record seawater chemistry? {The} {Bahamas} as a modern analogue for climate records preserved in ancient shallow-water carbonates},
  author={Geyman, Emily C and Maloof, Adam C},
  journal={GSA Annual Meeting},
  year={2018},
  publisher={Wiley Online Library}
}

@article{DragonflyORS,
  author = {{Object Research Systems, Inc}},
  title = {Dragonfly},
  url = {http://www.theobjects.com/dragonfly},
  version = {4.0},
  date = {2019-04-12},
}

@inproceedings{schroff2008object,
  title={Object Class Segmentation using Random Forests.},
  author={Schroff, Florian and Criminisi, Antonio and Zisserman, Andrew},
  booktitle={BMVC},
  pages={1--10},
  year={2008}
}

@inproceedings{khan2010skin,
  title={Skin detection: A random forest approach},
  author={Khan, Rehanullah and Hanbury, Allan and Stoettinger, Julian},
  booktitle={2010 IEEE International Conference on Image Processing},
  pages={4613--4616},
  year={2010},
  organization={IEEE}
}

@inproceedings{lempitsky2009random,
  title={Random forest classification for automatic delineation of myocardium in real-time 3D echocardiography},
  author={Lempitsky, Victor and Verhoek, Michael and Noble, J Alison and Blake, Andrew},
  booktitle={International Conference on Functional Imaging and Modeling of the Heart},
  pages={447--456},
  year={2009},
  organization={Springer}
}

@article{rose2013end,
  title={The end-{Cryogenian} glaciation of {South Australia}},
  author={Rose, Catherine V and Maloof, Adam C and Schoene, Blair and Ewing, Ryan C and Linnemann, Ulf and Hofmann, Mandy and Cottle, John M},
  journal={Geoscience Canada},
  volume={40},
  number={4},
  pages={256--293},
  year={2013}
}

@article{halley1979fresh,
  title={Fresh-water cementation of a 1,000-year-old oolite},
  author={Halley, Robert B and Harris, Paul M},
  journal={Journal of Sedimentary Research},
  volume={49},
  number={3},
  pages={969--987},
  year={1979},
  publisher={SEPM Society for Sedimentary Geology}
}

@article{trower2020enigma,
  title={The enigma of Neoproterozoic giant ooids—Fingerprints of extreme climate?},
  author={Trower, Elizabeth J},
  journal={Geophysical Research Letters},
  pages={e2019GL086146},
  year={2020},
  publisher={Wiley Online Library}
}

@article{rose2013end,
  title={The end-cryogenian glaciation of South Australia},
  author={Rose, Catherine V and Maloof, Adam C and Schoene, Blair and Ewing, Ryan C and Linnemann, Ulf and Hofmann, Mandy and Cottle, John M},
  journal={Geoscience Canada},
  pages={256--293},
  year={2013}
}

@article{maclennan2018arc,
  title={The arc of the Snowball: U-Pb dates constrain the Islay anomaly and the initiation of the Sturtian glaciation},
  author={MacLennan, Scott and Park, Yuem and Swanson-Hysell, Nicholas and Maloof, Adam and Schoene, Blair and Gebreslassie, Mulubrhan and Antilla, Eliel and Tesema, Tadele and Alene, Mulugeta and Haileab, Bereket},
  journal={Geology},
  volume={46},
  number={6},
  pages={539--542},
  year={2018},
  publisher={GeoScienceWorld}
}

@article{pierret20023d,
  title={3D reconstruction and quantification of macropores using X-ray computed tomography and image analysis},
  author={Pierret, Alain and Capowiez, Y and Belzunces, L and Moran, CJ},
  journal={Geoderma},
  volume={106},
  number={3-4},
  pages={247--271},
  year={2002},
  publisher={Elsevier}
}

@article{capowiez2003characterisation,
  title={Characterisation of the three-dimensional structure of earthworm burrow systems using image analysis and mathematical morphology},
  author={Capowiez, Yvan and Pierret, Alain and Moran, Christopher J},
  journal={Biology and Fertility of Soils},
  volume={38},
  number={5},
  pages={301--310},
  year={2003},
  publisher={Springer}
}